{
    "leader": "00700cam a2200217 a 4500",
    "controfield": {
        "001": "524566",
        "005": "20200130101547.0",
        "008": "860625t19621961enk           000 1 eng  "
    },
    "datafield": {
        "906": {
            "ind1": " ",
            "ind2": " ",
            "a": "7",
            "b": "cbc",
            "c": "orignew",
            "d": "3",
            "e": "ncip",
            "f": "19",
            "g": "y-gencatlg"
        },
        "010": {
            "ind1": " ",
            "ind2": " ",
            "a": "   86176608 "
        },
        "035": {
            "ind1": " ",
            "ind2": " ",
            "9": "(DLC)   86176608"
        },
        "040": {
            "ind1": " ",
            "ind2": " ",
            "a": "DLC",
            "b": "eng",
            "c": "DLC",
            "d": "DLC"
        },
        "050": {
            "ind1": "0",
            "ind2": "0",
            "a": "PS3537.A426",
            "b": "F7 1962"
        },
        "100": {
            "ind1": "1",
            "ind2": " ",
            "a": "Salinger, J. D.",
            "q": "(Jerome David),",
            "d": "1919-2010."
        },
        "245": {
            "ind1": "1",
            "ind2": "0",
            "a": "Franny and Zooey /",
            "c": "J.D. Salinger."
        },
        "260": {
            "ind1": " ",
            "ind2": " ",
            "a": "London :",
            "b": "Heinemann,",
            "c": "1962, c1961."
        },
        "300": {
            "ind1": " ",
            "ind2": " ",
            "a": "201 p. ;",
            "c": "21 cm."
        },
        "952": {
            "ind1": " ",
            "ind2": " ",
            "a": "LAC sba 2020-01-30 update (1 card)"
        },
        "984": {
            "ind1": " ",
            "ind2": " ",
            "a": "rsl",
            "d": "2020-01-30"
        },
        "985": {
            "ind1": " ",
            "ind2": " ",
            "a": "rblacfederal",
            "d": "20200130"
        },
        "991": {
            "ind1": " ",
            "ind2": " ",
            "b": "c-RareBook",
            "h": "PS3537.A426",
            "i": "F7 1962",
            "t": "Copy 1",
            "w": "BOOKS"
        }
    }
}